<record><leader>00000cas a22000007a 4500</leader><controlfield tag="001">20381966</controlfield><controlfield tag="008">890922d192u1938mdudn ne      0    0eng d</controlfield><datafield ind1=" " ind2=" " tag="010"><subfield code="a">sn 89060133 </subfield></datafield><datafield ind1=" " ind2=" " tag="040"><subfield code="a">MFN</subfield><subfield code="b">eng</subfield><subfield code="c">MFN</subfield><subfield code="d">OCLCQ</subfield></datafield><datafield ind1=" " ind2=" " tag="042"><subfield code="a">msc</subfield></datafield><datafield ind1="0" ind2=" " tag="130"><subfield code="a">Cumberland daily news (Cumberland, Md. : 1928)</subfield></datafield><datafield ind1="1" ind2="0" tag="245"><subfield code="a">Cumberland daily news.</subfield></datafield><datafield ind1=" " ind2=" " tag="260"><subfield code="a">Cumberland, Md. :</subfield><subfield code="b">Daily News Co.</subfield></datafield><datafield ind1=" " ind2=" " tag="300"><subfield code="a">v.</subfield></datafield><datafield ind1=" " ind2=" " tag="310"><subfield code="a">Daily (except Sun.)</subfield></datafield><datafield ind1="1" ind2=" " tag="362"><subfield code="a">Ceased in Oct. 1938.</subfield></datafield><datafield ind1=" " ind2=" " tag="588"><subfield code="a">Description based on: 58th year, no. 157 (Dec. 1, 1928).</subfield></datafield><datafield ind1=" " ind2=" " tag="752"><subfield code="a">United States</subfield><subfield code="b">Maryland</subfield><subfield code="c">Allegany</subfield><subfield code="d">Cumberland.</subfield></datafield><datafield ind1="0" ind2="0" tag="780"><subfield code="t">Daily news (Cumberland, Md. : 1890)</subfield><subfield code="w">(DLC)sn 89060132</subfield></datafield><datafield ind1="0" ind2="0" tag="785"><subfield code="t">Cumberland news (Cumberland, Md.)</subfield><subfield code="w">(DLC)sn 88065739</subfield></datafield></record>